
@book{GPP,
	abstract = {Game Programming Patterns is a collection of patterns I found in games that make code cleaner, easier to understand, and faster. This is the book I wish I had when I started making games, and now I want you to have it.},
	author = {Nystrom, R.},
	file = {\url{https://gameprogrammingpatterns.com/contents.html} [dostęp dnia 23 stycznia 2023]},
	isbn = {978-0-9905829-0-8},
	pages = {520},
	publisher = {Robert Nystrom},
	title = {{Game programming Patterns}},
	year = {2014}
}
@book{Java,
	author = {Schildt, H.},
	edition = {2},
	isbn = {9788383221564},
	pages = {1080},
	publisher = {Helion},
	title = {{Java. Kompendium programisty.}},
	year = {2023}
}

@misc{Rollback,
   month = {july},
    author = {Lioret, A and Diler, L and Dalil, S and Mota, M.},
    title = {{Hybrid Prediction for Games’ Rollback Netcode}},
    note = {\url{https://www.academia.edu/89865288/Hybrid_Prediction_for_Games_Rollback_Netcode} [dostęp dnia 23 stycznia 2024]},
    year = {2022}
}

@misc{LibGDX,
    key = {LibGDX},
    title = {{LibGDX}},
    note = {\url{https://libgdx.com/wiki/} [dostęp dnia 24 stycznia 2024]},
}

@misc{kryo,
    key = {Kryo},
    title = {{kryo}},
    note = {\url{https://github.com/EsotericSoftware/kryo} [dostęp dnia 24 stycznia 2024]},
}


@misc{kryonet,
    key = {Kryonet},
    title = {{kryonet}},
    note = {\url{https://github.com/EsotericSoftware/kryonet} [dostęp dnia 24 stycznia 2024]},
}

@misc{JavaFX,
    key = {JavaFX},
    title = {{JavaFX}},
    note = {\url{https://openjfx.io/} [dostęp dnia 24 stycznia 2024]},
}

@misc{IntellijIDEA,
    key = {IntellijIDEA},
    title = {{IntellijIDEA}},
    note = {\url{https://www.jetbrains.com/help/idea/getting-started.html} [dostęp dnia 24 stycznia 2024]},
}

@misc{Blender,
    key = {Blender},
    title = {{Blender}},
    note = {\url{https://docs.blender.org/manual/en/latest/} [dostęp dnia 24 stycznia 2024]},
}

@misc{ImageMagick,
    key = {ImageMagick},
    title = {{ImageMagick}},
    note = {\url{https://imagemagick.org/script/command-line-options.php} [dostęp dnia 24 stycznia 2024]},
}

@misc{Pixabay,
    key = {Pixabay},
    title = {{Pixabay}},
    note = {\url{https://pixabay.com/pl/} [dostęp dnia 24 stycznia 2024]},
}

@misc{GitHub,
    key = {GitHub},
    title = {{GitHub}},
    note = {\url{https://docs.github.com/en} [dostęp dnia 24 stycznia 2024]},
}

@misc{Git,
    key = {Git},
    title = {{Git}},
    note = {\url{https://git-scm.com/doc} [dostęp dnia 24 stycznia 2024]},
}

@misc{JUnit,
    key = {JUnit},
    title = {{JUnit}},
    note = {\url{https://junit.org/junit5/docs/current/user-guide/} [dostęp dnia 24 stycznia 2024]},
}

@misc{Mockito,
    key = {Mockito},
    title = {{Mockito}},
    note = {\url{https://site.mockito.org/} [dostęp dnia 24 stycznia 2024]},
}

@misc{weupnp,
    key = {weupnp},
    title = {{weupnp}},
    note = {\url{https://github.com/bitletorg/weupnp} [dostęp dnia 24 stycznia 2024]},
}